@inbook{Shakhbazyan_1981,
    author = "Shakhbazyan K. V., Tushkina T. A.",
    title = "A survey of scheduling methods for multiprocessor systems",
    year = 1981
}