@article{Kostenko_2017,
  author  = {Kostenko V. A.},
  journal = {Journal of Computer and Systems Sciences International},
  number  = {2},
  title   = {Combinatorial Optimization Algorithms Combining Greedy Strategies with A Limited Search Procedure},
  volume  = {56},
  year    = {2017}
}